@article{2,
  title={Convolutional neural networks for sentence classification},
  author={Kim, Yoon},
  journal={arXiv preprint arXiv:1408.5882},
  year={2014}
}

@inproceedings{1,
  title={Deepinf: Social influence prediction with deep learning},
  author={Qiu, Jiezhong and Tang, Jian and Ma, Hao and Dong, Yuxiao and Wang, Kuansan and Tang, Jie},
  booktitle={Proceedings of the 24th ACM SIGKDD International Conference on Knowledge Discovery \& Data Mining},
  pages={2110--2119},
  year={2018}
}

@article{3,
  title={Graph neural networks: A review of methods and applications},
  author={Zhou, Jie and Cui, Ganqu and Zhang, Zhengyan and Yang, Cheng and Liu, Zhiyuan and Wang, Lifeng and Li, Changcheng and Sun, Maosong},
  journal={arXiv preprint arXiv:1812.08434},
  year={2018}
}

@article{4,
  title={Influence analysis in social networks: A survey},
  author={Peng, Sancheng and Zhou, Yongmei and Cao, Lihong and Yu, Shui and Niu, Jianwei and Jia, Weijia},
  journal={Journal of Network and Computer Applications},
  volume={106},
  pages={17--32},
  year={2018},
  publisher={Elsevier}
}

@inproceedings{5,
  title={Deepwalk: Online learning of social representations},
  author={Perozzi, Bryan and Al-Rfou, Rami and Skiena, Steven},
  booktitle={Proceedings of the 20th ACM SIGKDD international conference on Knowledge discovery and data mining},
  pages={701--710},
  year={2014}
}

@inproceedings{6,
  title={A Review of social network sites: Definition, experience and applications},
  author={Liu, Yili and Ying, Xiangxiang},
  booktitle={The Conference on Web Based Business Management},
  pages={749--752},
  year={2010},
  organization={Scientific Research Publish-ing, USA}
}

@article{7,
  title={Social network sites: Definition, history, and scholarship},
  author={Boyd, Danah M and Ellison, Nicole B},
  journal={Journal of computer-mediated communication},
  volume={13},
  number={1},
  pages={210--230},
  year={2007},
  publisher={Oxford University Press Oxford, UK}
}